<?xml version="1.0" encoding="UTF-8"?><collection xmlns="http://www.loc.gov/MARC21/slim"><record><leader>00564nam--2200193-i-4500</leader><controlfield tag="001">000016931</controlfield><controlfield tag="002">20161230</controlfield><controlfield tag="005">20210312050211</controlfield><controlfield tag="008">060222s1000------------r-----000-0-rum-d</controlfield><datafield ind1=" " ind2=" " tag="040"><subfield code="a">IFIN-HH</subfield></datafield><datafield ind1=" " ind2=" " tag="041"><subfield code="a">rum</subfield></datafield><datafield ind1=" " ind2=" " tag="080"><subfield code="a">530.18(043)</subfield></datafield><datafield ind1="1" ind2=" " tag="100"><subfield code="a">Barsan, V.V</subfield></datafield><datafield ind1="1" ind2="0" tag="245"><subfield code="a">Contributii la studiul dinamicii unor sisteme cvasiunimensionale</subfield><subfield code="b">Teza</subfield><subfield code="c">V.V. Barsan</subfield></datafield><datafield ind1=" " ind2=" " tag="260"><subfield code="a">Bucuresti</subfield><subfield code="b">Institutul Central De Fizica</subfield><subfield code="c">1989</subfield></datafield><datafield ind1=" " ind2=" " tag="300"><subfield code="a">128 P</subfield></datafield><datafield ind1=" " ind2=" " tag="500"><subfield code="a">Conductor Stiintific Prof.Univ.Dr.Doc.A. Corciovei</subfield></datafield><datafield ind1=" " ind2=" " tag="852"><subfield code="a">79206</subfield><subfield code="c">53</subfield></datafield><datafield ind1=" " ind2=" " tag="CAT"><subfield code="a">SYS</subfield><subfield code="c">20210312</subfield><subfield code="h">050211</subfield></datafield></record></collection>